<record><leader>00000cas a2200000 a 4500</leader><controlfield tag="001">8811307</controlfield><controlfield tag="008">820927c19459999hiuex ne     f0    0eng d</controlfield><datafield ind1=" " ind2=" " tag="010"><subfield code="a">sn 85047271 </subfield></datafield><datafield ind1=" " ind2=" " tag="040"><subfield code="a">HUH</subfield><subfield code="b">eng</subfield><subfield code="c">HUH</subfield><subfield code="d">HWN</subfield><subfield code="d">OCL</subfield><subfield code="d">NLM</subfield><subfield code="d">OCLCQ</subfield><subfield code="d">OCLCF</subfield><subfield code="d">OCLCO</subfield></datafield><datafield ind1="7" ind2=" " tag="016"><subfield code="a">52420960R</subfield><subfield code="2">DNLM</subfield></datafield><datafield ind1=" " ind2=" " tag="019"><subfield code="a">50357607</subfield></datafield><datafield ind1="1" ind2=" " tag="029"><subfield code="a">NLM</subfield><subfield code="b">52420960R</subfield></datafield><datafield ind1="1" ind2=" " tag="029"><subfield code="a">AU@</subfield><subfield code="b">000041506774</subfield></datafield><datafield ind1=" " ind2=" " tag="037"><subfield code="b">Tripler Army Medical Center, Tripler AMC, Honolulu HI 96859</subfield></datafield><datafield ind1=" " ind2=" " tag="042"><subfield code="a">msc</subfield></datafield><datafield ind1=" " ind2=" " tag="043"><subfield code="a">n-us---</subfield><subfield code="a">n-us-hi</subfield></datafield><datafield ind1="0" ind2="0" tag="060"><subfield code="a">WX 2 A2H3</subfield><subfield code="b">T8c</subfield></datafield><datafield ind1="0" ind2="0" tag="060"><subfield code="a">Film 12251</subfield></datafield><datafield ind1=" " ind2=" " tag="090"><subfield code="a">UA26.H38</subfield><subfield code="b">C33</subfield></datafield><datafield ind1="0" ind2="4" tag="245"><subfield code="a">The Caducean.</subfield></datafield><datafield ind1=" " ind2=" " tag="260"><subfield code="a">[Honolulu, T.H.] :</subfield><subfield code="b">Tripler General Hospital</subfield></datafield><datafield ind1=" " ind2=" " tag="300"><subfield code="a">v. :</subfield><subfield code="b">ill. ;</subfield><subfield code="c">32-41 cm.</subfield></datafield><datafield ind1=" " ind2=" " tag="310"><subfield code="a">Biweekly,</subfield><subfield code="b">&lt;1963&gt;-</subfield></datafield><datafield ind1=" " ind2=" " tag="321"><subfield code="a">Monthly,</subfield><subfield code="b">&lt;Oct.&gt;-Nov. 1948</subfield></datafield><datafield ind1=" " ind2=" " tag="321"><subfield code="a">Semimonthly,</subfield><subfield code="b">Dec. 1948-&lt;1950&gt;</subfield></datafield><datafield ind1="1" ind2=" " tag="362"><subfield code="a">Began in May 1945.</subfield><subfield code="z">Cf. Mar. 1, 1963 issue.</subfield></datafield><datafield ind1=" " ind2=" " tag="500"><subfield code="a">"Hawaii's oldest service newspaper."</subfield></datafield><datafield ind1=" " ind2=" " tag="515"><subfield code="a">Slight irregularities in numbering.</subfield></datafield><datafield ind1=" " ind2=" " tag="550"><subfield code="a">Beginning with Nov. 6, 1964 issue, issued by the hospital under its later name: Tripler Army Medical Center.</subfield></datafield><datafield ind1=" " ind2=" " tag="588"><subfield code="a">Description based on: Vol. 4, no. 7 (Oct., 1948).</subfield></datafield><datafield ind1=" " ind2="0" tag="651"><subfield code="a">United States</subfield><subfield code="x">Armed Forces</subfield><subfield code="z">Hawaii</subfield><subfield code="v">Periodicals.</subfield></datafield><datafield ind1=" " ind2="0" tag="650"><subfield code="a">Military bases</subfield><subfield code="z">Hawaii</subfield><subfield code="v">Periodicals.</subfield></datafield><datafield ind1=" " ind2="7" tag="650"><subfield code="a">Armed Forces.</subfield><subfield code="2">fast</subfield><subfield code="0">(OCoLC)fst00814586</subfield></datafield><datafield ind1=" " ind2="7" tag="650"><subfield code="a">Military bases.</subfield><subfield code="2">fast</subfield><subfield code="0">(OCoLC)fst01020986</subfield></datafield><datafield ind1=" " ind2="7" tag="651"><subfield code="a">Hawaii.</subfield><subfield code="2">fast</subfield><subfield code="0">(OCoLC)fst01208724</subfield></datafield><datafield ind1=" " ind2="7" tag="651"><subfield code="a">United States.</subfield><subfield code="2">fast</subfield><subfield code="0">(OCoLC)fst01204155</subfield></datafield><datafield ind1=" " ind2="7" tag="655"><subfield code="a">Periodicals.</subfield><subfield code="2">fast</subfield><subfield code="0">(OCoLC)fst01411641</subfield></datafield><datafield ind1="2" ind2=" " tag="710"><subfield code="a">Tripler Army Medical Center.</subfield></datafield><datafield ind1=" " ind2=" " tag="752"><subfield code="a">United States</subfield><subfield code="b">Hawaii</subfield><subfield code="c">Honolulu</subfield><subfield code="d">Honolulu.</subfield></datafield></record>